@article{welch1984technique,
    title={{A Technique for High-Performance Data Compression}},
    author={Welch, Terry A.}, journal={{Computer}},
    volume={6}, number={17}, pages={8--19},
    year={1984}
}

@misc{nieminen2007efficient,
    title={{(Article) An Efficient LZW Implementation}},
    author={Nieminen, J.}, year={2007},
    howpublished={\url{http://warp.povusers.org/EfficientLZW/}},
    note={Accessed: 2017-02-24}
}

@article{witten1987arithmetic,
    title={{Arithmetic Coding for Data Compression}},
    author={Witten, Ian H and Neal, Radford M and Cleary, John G},
    journal={Communications of the ACM},
    volume={30}, number={6}, pages={520--540},
    year={1987}, publisher={ACM}
}

@article{rissanen1979arithmetic,
    title={{Arithmetic Coding}},
    author={Rissanen, Jorma and Langdon, Glen},
    journal={{The IBM Research Journal}},
    volume={23}, number={2}, pages={149--162},
    year={1979}, publisher={IBM}
}

@article{moffat1998arithmetic,
    title={{Arithmetic Coding Revisited}},
    author={Moffat, Alistair and Neal, Radford M and Witten, Ian H},
    journal={{ACM Transactions on Information Systems (IS)}},
    volume={16}, number={3}, pages={256--294},
    year={1998}, publisher={ACM}
}

@incollection{howard1992practical,
    title={{Practical Implementations of Arithmetic Coding}},
    author={Howard, Paul G and Vitter, Jeffrey Scott},
    booktitle={{Image \& Text Compression}},
    pages={85--112}, year={1992},
    publisher={Springer}
}

@book{dipperstein2014arithmetic,
    title={{Arithmetic Coding Discussion and Implementation}},
    author={Michael Dipperstein},
    year={2014},
    note={[Online 2017-03-11]}
}

@inproceedings{duda2015use,
    title={{The Use of Asymmetric Numeral Systems as an Accurate Replacement for Huffman Coding (rANS and tANS)}},
    author={Duda, Jarek and Tahboub, Khalid and Gadgil, Neeraj J and Delp, Edward J},
    booktitle={Picture Coding Symposium (PCS), 2015}, pages={65--69},
    year={2015}, organization={IEEE}
}

@book{sayood2012introduction,
    title={{Introduction to Data Compression}},
    author={Sayood, Khalid}, publisher={Morgan Kaufmann Series},
    year={2005}, edition={third}
}
